<?xml version="1.0" encoding="UTF-8"?><collection xmlns="http://www.loc.gov/MARC21/slim"><record><leader>00387nam--2200133-i-4500</leader><controlfield tag="001">000027033</controlfield><controlfield tag="002">20161230</controlfield><controlfield tag="005">20161230201036</controlfield><controlfield tag="008">060222s1000------------r-----000-0-eng-d</controlfield><datafield ind1=" " ind2=" " tag="080"><subfield code="a">519.62:681.3(07)</subfield></datafield><datafield ind1=" " ind2=" " tag="100"><subfield code="a">Knuth, Donald E</subfield></datafield><datafield ind1=" " ind2=" " tag="245"><subfield code="a">The art of computer programming. second edition. vol.i: fundamental algorithms</subfield></datafield><datafield ind1=" " ind2=" " tag="260"><subfield code="a">Reading, Addision-wesley Publ.Co., 1975</subfield></datafield><datafield ind1=" " ind2=" " tag="852"><subfield code="a">43205</subfield></datafield></record></collection>